<record><leader>00000cas a22000007a 4500</leader><controlfield tag="001">10854908</controlfield><controlfield tag="008">840618d18681874iauwr ne      0    0eng d</controlfield><datafield ind1=" " ind2=" " tag="010"><subfield code="a">sn 84027072 </subfield></datafield><datafield ind1=" " ind2=" " tag="040"><subfield code="a">NPU</subfield><subfield code="b">eng</subfield><subfield code="c">NPU</subfield><subfield code="d">NPX</subfield><subfield code="d">INP</subfield><subfield code="d">OCLCQ</subfield></datafield><datafield ind1=" " ind2=" " tag="042"><subfield code="a">msc</subfield></datafield><datafield ind1="0" ind2="4" tag="245"><subfield code="a">The Cedar Rapids times.</subfield></datafield><datafield ind1=" " ind2=" " tag="260"><subfield code="a">Cedar Rapids, Iowa :</subfield><subfield code="b">Ayers Bros.,</subfield><subfield code="c">1868-1874.</subfield></datafield><datafield ind1=" " ind2=" " tag="300"><subfield code="a">17 v. :</subfield><subfield code="b">ill. ;</subfield><subfield code="c">73 cm.</subfield></datafield><datafield ind1=" " ind2=" " tag="310"><subfield code="a">Weekly</subfield></datafield><datafield ind1="0" ind2=" " tag="362"><subfield code="a">Vol. 17, no. 35 (May 28, 1868)-v. 23, no. 52 (Oct. 1, 1874).</subfield></datafield><datafield ind1=" " ind2=" " tag="500"><subfield code="a">Originally edited by: F. McClelland.</subfield></datafield><datafield ind1=" " ind2=" " tag="752"><subfield code="a">United States</subfield><subfield code="b">Iowa</subfield><subfield code="c">Linn</subfield><subfield code="d">Cedar Rapids.</subfield></datafield><datafield ind1="0" ind2=" " tag="775"><subfield code="t">Cedar Rapids daily times</subfield><subfield code="w">(DLC)sn 85049726</subfield><subfield code="g">&lt;June 9, 1870-Sept. 13, 1871&gt;</subfield></datafield><datafield ind1="0" ind2="0" tag="780"><subfield code="t">Cedar Valley times (Cedar Rapids, Iowa)</subfield><subfield code="w">(DLC)sn 84038070</subfield></datafield><datafield ind1="0" ind2="0" tag="785"><subfield code="t">Cedar Rapids weekly times</subfield><subfield code="w">(DLC)sn 85049725</subfield></datafield><datafield ind1="1" ind2=" " tag="029"><subfield code="a">AU@</subfield><subfield code="b">000025787203</subfield></datafield></record>